@online{virtfunc2012,
  author = {Dan Saks},
  title = {{Virtual Functions in C}},
  year = 2012,
  url = {https://www.embedded.com/electronics-blogs/programming-pointers/4391967/Virtual-functions-in-C},
  urldate = {2018-09-05}
}

%%http://vgcoding.blogspot.com/2014/03/virtual-functions-in-c.html
%https://stackoverflow.com/questions/3113583/how-could-one-implement-c-virtual-functions-in-c
